<record><leader>00000cas a22000007a 4500</leader><controlfield tag="001">11619900</controlfield><controlfield tag="008">850125d19751985wiudn ne      0   a0eng d</controlfield><datafield ind1=" " ind2=" " tag="010"><subfield code="a">sn 85000355 </subfield></datafield><datafield ind1=" " ind2=" " tag="040"><subfield code="a">NSD</subfield><subfield code="b">eng</subfield><subfield code="c">NSD</subfield><subfield code="d">NPV</subfield><subfield code="d">NSD</subfield><subfield code="d">OCLCQ</subfield></datafield><datafield ind1=" " ind2=" " tag="012"><subfield code="j">0</subfield><subfield code="m">d</subfield></datafield><datafield ind1="1" ind2=" " tag="022"><subfield code="a">8750-6521</subfield><subfield code="l">8750-6521</subfield><subfield code="2">1</subfield></datafield><datafield ind1=" " ind2=" " tag="037"><subfield code="b">Daily Herald, 800 Scott St., P.O. Box 356, Wausau, WI 54401</subfield></datafield><datafield ind1=" " ind2=" " tag="042"><subfield code="a">nsdp</subfield></datafield><datafield ind1="0" ind2=" " tag="130"><subfield code="a">Daily herald (Wausau-Merrill, Wis.)</subfield></datafield><datafield ind1=" " ind2="4" tag="222"><subfield code="a">The Daily herald</subfield><subfield code="b">(Wausau, Wis.)</subfield></datafield><datafield ind1="1" ind2="4" tag="245"><subfield code="a">The daily herald.</subfield></datafield><datafield ind1="1" ind2="3" tag="246"><subfield code="a">Wausau daily herald</subfield></datafield><datafield ind1=" " ind2=" " tag="260"><subfield code="a">Wausau, Wis. :</subfield><subfield code="b">W.F. McCormick,</subfield><subfield code="c">1975-1985.</subfield></datafield><datafield ind1=" " ind2=" " tag="300"><subfield code="a">v.</subfield></datafield><datafield ind1=" " ind2=" " tag="310"><subfield code="a">Daily (except Sundays and certain holidays)</subfield></datafield><datafield ind1="0" ind2=" " tag="362"><subfield code="a">Vol. 67, no. 26 (Jan. 2, 1975)-v. 77, no. 88 (Mar. 16, 1985).</subfield></datafield><datafield ind1=" " ind2=" " tag="500"><subfield code="a">Publisher varies.</subfield></datafield><datafield ind1=" " ind2=" " tag="500"><subfield code="a">On masthead: Wausau-Merrill, Wis.</subfield></datafield><datafield ind1=" " ind2=" " tag="525"><subfield code="a">Supplements accompany some issues.</subfield></datafield><datafield ind1=" " ind2=" " tag="752"><subfield code="a">United States</subfield><subfield code="b">Wisconsin</subfield><subfield code="c">Marathon</subfield><subfield code="d">Wausau.</subfield></datafield><datafield ind1=" " ind2=" " tag="752"><subfield code="a">United States</subfield><subfield code="b">Wisconsin</subfield><subfield code="c">Lincoln</subfield><subfield code="d">Merrill.</subfield></datafield><datafield ind1="0" ind2="0" tag="780"><subfield code="t">Wausau daily record-herald</subfield><subfield code="w">(DLC)sn 87082151</subfield></datafield><datafield ind1="0" ind2="0" tag="785"><subfield code="t">Wausau daily herald</subfield><subfield code="x">0887-4271</subfield><subfield code="w">(DLC)sn 86012297</subfield></datafield><datafield ind1=" " ind2=" " tag="936"><subfield code="a">Dec. 17, 1984</subfield></datafield></record>